@article{lozano2014que,
  title={?` Qu{\'e} sabe Ud. Acerca de... Din{\'a}mica Molecular?},
  author={Lozano-Aponte, Jorge and Scior, Thomas},
  journal={Revista mexicana de ciencias farmac{\'e}uticas},
  volume={45},
  number={1},
  pages={86--88},
  year={2014},
  publisher={Asociaci{\'o}n Farmac{\'e}utica Mexicana AC}
}

@article{frenkel2002understanding,
  title={Understanding molecular simulation},
  author={Frenkel, Daan and Smit, Berend},
  journal={Academic Press, San Diego,},
  volume={2},
  number={2.2},
  pages={2--5},
  year={2002},
  publisher={Elsevier}
}
@book{allen2012computer,
  title={Computer simulation in chemical physics},
  author={Allen, Michael P and Tildesley, Dominic J},
  volume={397},
  year={2012},
  publisher={Springer Science \& Business Media}
}
@phdthesis{calva2024simulaciones,
  author       = {Calva Cano, Karla Elsa},
  title        = {Simulaciones de dinámica molecular para la retención de zinc en agua por el surfactante SB3-12},
  year         = {2024},
  school       = {Facultad de Ciencias, Universidad Nacional Autónoma de México},
  type         = {Tesis de Licenciatura},
  advisor      = {Domínguez Castro, Héctor},
}
@article{meller2001molecular,
  title={Molecular dynamics},
  author={Meller, Jarosaw and others},
  journal={Encyclopedia of life sciences},
  volume={18},
  year={2001},
  publisher={Nature Publishing Group USA}
}
@book{haile1992molecular,
  title={Molecular dynamics simulation: elementary methods},
  author={Haile, James M},
  year={1992},
  publisher={John Wiley \& Sons, Inc.}
}
@book{zhou2022molecular,
  title={Molecular dynamics simulation: Fundamentals and Applications},
  author={Zhou, Kun and Liu, Bo},
  year={2022},
  publisher={Academic Press}
}